<record><leader>00000cas a2200000 a 4500</leader><controlfield tag="001">11336664</controlfield><controlfield tag="008">841101d18941901ksuwr ne      0   a0eng d</controlfield><datafield ind1=" " ind2=" " tag="010"><subfield code="a">sn 84029967 </subfield></datafield><datafield ind1=" " ind2=" " tag="040"><subfield code="a">KSH</subfield><subfield code="b">eng</subfield><subfield code="c">KSH</subfield><subfield code="d">NPT</subfield><subfield code="d">OCL</subfield><subfield code="d">OCLCQ</subfield></datafield><datafield ind1=" " ind2=" " tag="042"><subfield code="a">msc</subfield></datafield><datafield ind1="0" ind2="0" tag="245"><subfield code="a">Gove County leader.</subfield></datafield><datafield ind1="3" ind2="0" tag="246"><subfield code="a">Gove County leader and cap sheaf</subfield><subfield code="f">Nov. 23, 1894</subfield></datafield><datafield ind1=" " ind2=" " tag="260"><subfield code="a">Gove City, Kan. :</subfield><subfield code="b">Kirtley &amp; Hopkins,</subfield><subfield code="c">1894-1901.</subfield></datafield><datafield ind1=" " ind2=" " tag="300"><subfield code="a">6 v. :</subfield><subfield code="b">ill. ;</subfield><subfield code="c">37-59 cm.</subfield></datafield><datafield ind1=" " ind2=" " tag="310"><subfield code="a">Weekly</subfield></datafield><datafield ind1="0" ind2=" " tag="362"><subfield code="a">Vol. 10, no. 21 (Nov. 23, 1894)-v. 11, no. 13 (Sept. 27, 1895) ; vol. 2, no. 14 (Oct. 4, 1895)-v. 7, no. 28 (Jan. 11, 1901).</subfield></datafield><datafield ind1=" " ind2=" " tag="500"><subfield code="a">Published by: Thomas Kirtley, Feb. 8, 1895-Dec. 3, 1897; L.O. Maxwell, Dec. 10, 1897-Apr. 14, 1899; Elmer E. Bevan, Apr. 21, 1899-Jan. 12, 1900; E.E. Bevan, C.P. Munns, Jan. 19-Apr. 6, 1900; C.P. Munns, C.W. Smith, Apr. 13, 1900-Jan. 11, 1901.</subfield></datafield><datafield ind1=" " ind2=" " tag="500"><subfield code="a">"Republican," Dec. 10, 1897-Jan. 11, 1901.</subfield></datafield><datafield ind1=" " ind2=" " tag="752"><subfield code="a">United States</subfield><subfield code="b">Kansas</subfield><subfield code="c">Gove</subfield><subfield code="d">Gove City.</subfield></datafield><datafield ind1="0" ind2="0" tag="780"><subfield code="t">Grainfield cap sheaf</subfield><subfield code="w">(DLC)sn 84029977</subfield></datafield><datafield ind1="0" ind2="4" tag="785"><subfield code="t">Gove County republican-gazette</subfield><subfield code="w">(DLC)sn 84029989</subfield></datafield></record>